%% LaTeX2e file `rhel8containers.bib'
%% generated by the `filecontents' environment
%% from source `rhel8containers' on 2019/10/04.
%%
@Misc{Barcamp2016,
    title = {Barcamp},
    author = {Kujawa, Rados≈Çaw},
    year = {2016},
    url = {https://youtu.be/4C5cDoeSnMM?t=7703}
}
